@inproceedings{alomari2008icde,
  title={The cost of serializability on platforms that use snapshot isolation},
  author={Alomari, Mohammad and Cahill, Michael and Fekete, Alan and Rohm, Uwe},
  booktitle={2008 IEEE 24th International Conference on Data Engineering},
  pages={576--585},
  year={2008},
  organization={IEEE}
}

@article{fekete2005making,
  title={Making snapshot isolation serializable},
  author={Fekete, Alan and Liarokapis, Dimitrios and O'Neil, Elizabeth and O'Neil, Patrick and Shasha, Dennis},
  journal={ACM Transactions on Database Systems (TODS)},
  volume={30},
  number={2},
  pages={492--528},
  year={2005},
  publisher={ACM}
}

@inproceedings{jorwekar2007automating,
  title={Automating the detection of snapshot isolation anomalies},
  author={Jorwekar, Sudhir and Fekete, Alan and Ramamritham, Krithi and Sudarshan, S},
  booktitle={VLDB},
  pages={1263--1274},
  year={2007}
}

@inproceedings{roy2015homeostasis,
  title={The homeostasis protocol: Avoiding transaction coordination through program analysis},
  author={Roy, Sudip and Kot, Lucja and Bender, Gabriel and Ding, Bailu and Hojjat, Hossein and Koch, Christoph and Foster, Nate and Gehrke, Johannes},
  booktitle={SIGMOD},
  pages={1311--1326},
  year={2015} 
}

@inproceedings{li2012making,
  title={Making Geo-Replicated Systems Fast as Possible, Consistent when Necessary.},
  author={Li, Cheng and Porto, Daniel and Clement, Allen and Gehrke, Johannes and Pregui{\c{c}}a, Nuno M and Rodrigues, Rodrigo},
  booktitle={OSDI},
  pages={265--278},
  year={2012}
}

@article{petersen1997flexible,
 author = {Petersen, Karin and Spreitzer, Mike J. and Terry, Douglas B. and Theimer, Marvin M. and Demers, Alan J.},
 title = {Flexible Update Propagation for Weakly Consistent Replication},
 journal = {SIGOPS Oper. Syst. Rev.},
 issue_date = {Dec. 1997},
 volume = {31},
 number = {5},
 month = oct,
 year = {1997},
 pages = {288--301},
} 

@inproceedings{mu2014extracting,
  title={Extracting more concurrency from distributed transactions},
  author={Mu, Shuai and Cui, Yang and Zhang, Yang and Lloyd, Wyatt and Li, Jinyang},
  booktitle={OSDI},
  year={2014}
}

@inproceedings{thomson2012calvin,
  title={Calvin: fast distributed transactions for partitioned database systems},
  author={Thomson, Alexander and Diamond, Thaddeus and Weng, Shu-Chun and Ren, Kun and Shao, Philip and Abadi, Daniel J},
  booktitle={SIGMOD},
  pages={1--12},
  year={2012}
}

@article{haritsa1993value,
  title={Value-based scheduling in real-time database systems},
  author={Haritsa, Jayant R and Canrey, Michael J and Livny, Miron},
  journal={The VLDB Journal},
  volume={2},
  number={2},
  pages={117--152},
  year={1993},
  publisher={Springer}
}

@inproceedings{huang1991experimental,
  title={Experimental evaluation of real-time optimistic concurrency control schemes},
  author={Huang, Jiandong and Stankovic, John A and Ramamritham, Krithi and Towsley, Donald F},
  booktitle={VLDB},
  volume={91},
  pages={35--46},
  year={1991}
}

@inproceedings{lee1993using,
  title={Using dynamic adjustment of serialization order for real-time database systems},
  author={Lee, Juhnyoung and Son, Sang H},
  booktitle={RTSS},
  pages={66--75},
  year={1993}
}

@inproceedings{lin1990concurrency,
  title={Concurrency control in real-time databases by dynamic adjustment of serialization order},
  author={Lin, Yi and Son, Sang H},
  booktitle={RTSS},
  pages={104--112},
  year={1990}
}

@article{abbott1992scheduling,
  title={Scheduling real-time transactions: A performance evaluation},
  author={Abbott, Robert K and Garcia-Molina, Hector},
  journal={ACM Transactions on Database Systems (TODS)},
  volume={17},
  number={3},
  pages={513--560},
  year={1992},
  publisher={ACM}
}

@inproceedings{lam1995real,
  title={Real-time optimistic concurrency control protocol with dynamic adjustment of serialization order},
  author={Lam, Kwok-Wa and Lam, Kam-Yiu and Hung, Sheung-Lun},
  booktitle={RTSS},
  pages={174--179},
  year={1995}
}

@inproceedings{haritsa1990dynamic,
  title={Dynamic real-time optimistic concurrency control},
  author={Haritsa, Jayant R and Carey, Michael J and Livny, Miron},
  booktitle={RTSS},
  pages={94--103},
  year={1990},
}

@article{boksenbaum1987concurrent,
  title={Concurrent certifications by intervals of timestamps in distributed database systems},
  author={Boksenbaum, Claude and Cart, Mich{\`e}le and Ferri{\'e}, Jean and Pons, Jean-Fran{\c{c}}ois},
  journal={Software Engineering, IEEE Transactions on},
  volume={SE-13}, 
  number={4},
  pages={409--419},
  year={1987}
}

@inproceedings{bayer1982dynamic,
  title={Dynamic Timestamp Allocation for Transactions in Database Systems.},
  author={Bayer, Rudolf and Elhardt, Klaus and Heigert, Johannes and Reiser, Angelika},
  booktitle={DDB},
  pages={9--20},
  year={1982}
}

@inproceedings{xie2014salt,
  title={Salt: Combining {ACID} and {BASE} in a distributed database},
  author={Xie, Chao and Su, Chunzhi and Kapritsos, Manos and Wang, Yang and Yaghmazadeh, Navid and Alvisi, Lorenzo and Mahajan, Prince},
  booktitle={OSDI},
  volume={14},
  pages={495--509},
  year={2014}
}

@inproceedings{xie2015high,
  title={High-performance {ACID} via modular concurrency control},
  author={Xie, Chao and Su, Chunzhi and Littley, Cody and Alvisi, Lorenzo and Kapritsos, Manos and Wang, Yang},
  booktitle={SOSP},
  pages={279--294},
  year={2015}
}

@article{shasha1995transaction,
  title={Transaction chopping: Algorithms and performance studies},
  author={Shasha, Dennis and Llirbat, Francois and Simon, Eric and Valduriez, Patrick},
  journal={ACM Transactions on Database Systems (TODS)},
  volume={20},
  number={3},
  pages={325--363},
  year={1995},
  publisher={ACM}
}

@inproceedings{helal1993adaptive,
  title={Adaptive transaction scheduling},
  author={Helal, Abdelsalam and Ku, Tung-Hui and Elmasri, Ramez and Mukherjee, Sourav},
  booktitle={CIKM},
  pages={704--713},
  year={1993}
}

@article{yu1992analysis,
  title={Analysis of hybrid concurrency control schemes for a high data contention environment},
  author={Yu, Philip S and Dias, Daniel M},
  journal={Software Engineering, IEEE Transactions on},
  volume={18},
  number={2},
  pages={118--129},
  year={1992},
  publisher={IEEE}
}

@article{thomasian1998distributed,
  title={Distributed optimistic concurrency control methods for high-performance transaction processing},
  author={Thomasian, Alexander},
  journal={TKDE},
  volume={10},
  number={1},
  pages={173--189},
  year={1998}
}

@article{franaszek1985limitations,
  title={Limitations of concurrency in transaction processing},
  author={Franaszek, Peter and Robinson, John T},
  journal={ACM Transactions on Database Systems (TODS)},
  volume={10},
  number={1},
  pages={1--28},
  year={1985},
  publisher={ACM}
}

@article{agrawal1987concurrency,
  title={Concurrency control performance modeling: alternatives and implications},
  author={Agrawal, Rakesh and Carey, Michael J and Livny, Miron},
  journal={ACM Transactions on Database Systems (TODS)},
  volume={12},
  number={4},
  pages={609--654},
  year={1987},
  publisher={ACM}
}

@article{nagle1984congestion,
 author = {Nagle, John},
 title = {Congestion Control in {IP/TCP} Internetworks},
 journal = {SIGCOMM Comput. Commun. Rev.},
 issue_date = {October 1984},
 volume = {14},
 number = {4},
 month = oct,
 year = {1984},
 pages = {11--17}
} 


@INPROCEEDINGS{friedman2006adaptive, 
author={Friedman, R. and Hadad, E.}, 
booktitle={SRDS}, 
title={Adaptive Batching for Replicated Servers}, 
year={2006}, 
pages={311-320},  
month={Oct},
}

@incollection{santos2012tuning,
  title={Tuning paxos for high-throughput with batching and pipelining},
  author={Santos, Nuno and Schiper, Andr{\'e}},
  booktitle={Distributed Computing and Networking},
  pages={153--167},
  year={2012},
  publisher={Springer}
}

@article{debrabant2013anti,
  title={Anti-caching: A new approach to database management system architecture},
  author={DeBrabant, Justin and Pavlo, Andrew and Tu, Stephen and Stonebraker, Michael and Zdonik, Stan},
  journal={Proceedings of the VLDB Endowment},
  volume={6},
  number={14},
  pages={1942--1953},
  year={2013},
  publisher={VLDB Endowment}
}


@article{hagmann1987reimplementing,
 author = {Hagmann, R.},
 title = {Reimplementing the Cedar File System Using Logging and Group Commit},
 journal = {SIGOPS Oper. Syst. Rev.},
 issue_date = {Nov. 1987},
 volume = {21},
 number = {5},
 month = nov,
 year = {1987},
 pages = {155--162}
} 


@inproceedings{friedman1997packing,
  title={Packing messages as a tool for boosting the performance of total ordering protocols},
  author={Friedman, Roy and Van Renesse, Robbert},
  booktitle={HPDC},
  pages={233--242},
  year={1997},
}

@inproceedings{glendenning2011scalable,
  title={Scalable consistency in {Scatter}},
  author={Glendenning, Lisa and Beschastnikh, Ivan and Krishnamurthy, Arvind and Anderson, Thomas},
  booktitle={SOSP},
  pages={15--28},
  year={2011},
}

@article{castro2002practical,
  title={Practical Byzantine fault tolerance and proactive recovery},
  author={Castro, Miguel and Liskov, Barbara},
  journal={ACM Transactions on Computer Systems (TOCS)},
  volume={20},
  number={4},
  pages={398--461},
  year={2002},
  publisher={ACM}
}

@inproceedings{pavlo2012skew,
  title={Skew-aware automatic database partitioning in shared-nothing, parallel OLTP systems},
  author={Pavlo, Andrew and Curino, Carlo and Zdonik, Stanley},
  booktitle={SIGMOD},
  pages={61--72},
  year={2012}
}

@techreport{karypis1995metis,
  title={Metis-unstructured graph partitioning and sparse matrix ordering system, version 2.0},
  author={Karypis, George and Kumar, Vipin},
      institution = {University of Minnesota},
  year={1995}
}

@inproceedings{ding2001min,
  title={A min-max cut algorithm for graph partitioning and data clustering},
  author={Ding, Chris HQ and He, Xiaofeng and Zha, Hongyuan and Gu, Ming and Simon, Horst D},
  booktitle={ICDM},
  pages={107--114},
  year={2001},
}

@article{karypis1998fast,
  title={A fast and high quality multilevel scheme for partitioning irregular graphs},
  author={Karypis, George and Kumar, Vipin},
  journal={SIAM Journal on scientific Computing},
  volume={20},
  number={1},
  pages={359--392},
  year={1998},
  publisher={SIAM}
}

@article{kernighan1970efficient,
  title={An efficient heuristic procedure for partitioning graphs},
  author={Kernighan, Brian W and Lin, Shen},
  journal={Bell system technical journal},
  volume={49},
  number={2},
  pages={291--307},
  year={1970},
  publisher={Wiley Online Library}
}

@article{tsangaris1991stochastic,
 author = {Tsangaris, Manolis M. and Naughton, Jeffrey F.},
 title = {A Stochastic Approach for Clustering in Object Bases},
 journal = {SIGMOD Rec.},
 issue_date = {June 1991},
 volume = {20},
 number = {2},
 month = apr,
 year = {1991},
 pages = {12--21},
} 

@inproceedings{elmore2015squall,
  title={Squall: Fine-Grained Live Reconfiguration for Partitioned Main Memory Databases},
  author={Elmore, Aaron J and Arora, Vaibhav and Taft, Rebecca and Pavlo, Andrew and Agrawal, Divyakant and El Abbadi, Amr},
  booktitle={SIGMOD},
  pages={299--313},
  year={2015}
}


@inproceedings{bernstein2015optimizing,
  title={Optimizing Optimistic Concurrency Control for Tree-Structured, Log-Structured Databases},
  author={Bernstein, Philip A and Das, Sudipto and Ding, Bailu and Pilman, Markus},
  booktitle={SIGMOD},
  pages={1295--1309},
  year={2015},
}

@inproceedings{gray1994quickly,
  title={Quickly generating billion-record synthetic databases},
  author={Gray, Jim and Sundaresan, Prakash and Englert, Susanne and Baclawski, Ken and Weinberger, Peter J},
  booktitle={ACM SIGMOD Record},
  volume={23},
  pages={243--252},
  year={1994},
  organization={ACM}
}

@article{tarjan1972depth,
  title={Depth-first search and linear graph algorithms},
  author={Tarjan, Robert},
  journal={SIAM journal on computing},
  volume={1},
  number={2},
  pages={146--160},
  year={1972},
  publisher={SIAM}
}

@incollection{festa1999feedback,
  title={Feedback set problems},
  author={Festa, Paola and Pardalos, Panos M and Resende, Mauricio GC},
  booktitle={Handbook of combinatorial optimization},
  pages={209--258},
  year={1999},
  publisher={Springer}
}

@incollection{cutello2015targeting,
  title={Targeting the Minimum Vertex Set Problem with an Enhanced Genetic Algorithm Improved with Local Search Strategies},
  author={Cutello, Vincenzo and Pappalardo, Francesco},
  booktitle={Intelligent Computing Theories and Methodologies},
  pages={177--188},
  year={2015},
  publisher={Springer}
}

@article{even1998approximating,
  title={Approximating minimum feedback sets and multicuts in directed graphs},
  author={Even, Guy and Naor, J Seffi and Schieber, Baruch and Sudan, Madhu},
  journal={Algorithmica},
  volume={20},
  number={2},
  pages={151--174},
  year={1998},
  publisher={Springer}
}

@inproceedings{guruswami2008beating,
  title={Beating the random ordering is hard: Inapproximability of maximum acyclic subgraph},
  author={Guruswami, Venkatesan and Manokaran, Rajsekar and Raghavendra, Prasad},
  booktitle={{FOCS}},
  pages={573--582},
  year={2008},
  organization={IEEE}
}

@article{dinur2005hardness,
  title={On the hardness of approximating minimum vertex cover},
  author={Dinur, Irit and Safra, Samuel},
  journal={Annals of mathematics},
  pages={439--485},
  year={2005},
  publisher={JSTOR}
}

@phdthesis{kann1992approximability,
  title={On the approximability of NP-complete optimization problems},
  author={Kann, Viggo},
  year={1992},
  school={Royal Institute of Technology Stockholm}
}

@article{chen2008fixed,
  title={A fixed-parameter algorithm for the directed feedback vertex set problem},
  author={Chen, Jianer and Liu, Yang and Lu, Songjian and O'Sullivan, Barry and Razgon, Igor},
  journal={Journal of the ACM (JACM)},
  volume={55},
  number={5},
  pages={21},
  year={2008},
  publisher={ACM}
}

@inproceedings{tu2013speedy,
  title={Speedy transactions in multicore in-memory databases},
  author={Tu, Stephen and Zheng, Wenting and Kohler, Eddie and Liskov, Barbara and Madden, Samuel},
  booktitle={{SOSP}},
  pages={18--32},
  year={2013},
  organization={ACM}
}


@inproceedings{ding2015centiman,
  title={Centiman: elastic, high performance optimistic concurrency control by watermarking},
  author={Ding, Bailu and Kot, Lucja and Demers, Alan and Gehrke, Johannes},
  booktitle={{SOCC}},
  pages={262--275},
  year={2015}
}

@inproceedings{faleiro2014lazy,
  title={Lazy evaluation of transactions in database systems},
  author={Faleiro, Jose M and Thomson, Alexander and Abadi, Daniel J},
  booktitle={{SIGMOD}},
  pages={15--26},
  year={2014}
}

@book{karp1972reducibility,
  title={Reducibility among combinatorial problems},
  author={Karp, Richard M},
  year={1972},
  publisher={Springer}
}

@article{kung81tods,
  author    = {H. T. Kung and
               John T. Robinson},
  title     = {On Optimistic Methods for Concurrency Control},
  journal   = {{ACM} Trans. Database Syst.},
  volume    = {6},
  number    = {2},
  pages     = {213--226},
  year      = {1981}
}
@inproceedings{bernstein11cidr,
  author    = {Philip A. Bernstein and
               Colin W. Reid and
               Sudipto Das},
  title     = {Hyder - {A} Transactional Record Manager for Shared Flash},
  booktitle = {{CIDR}},
  pages     = {9--20},
  year      = {2011}
}

@inproceedings{adya97podc,
  author    = {Atul Adya and
               Barbara Liskov},
  title     = {Lazy Consistency Using Loosely Synchronized Clocks},
  booktitle = {{PODC}},
  pages     = {73--82},
  year      = {1997}
}
@article{bernstein11vldb,
  author    = {Philip A. Bernstein and
               Colin W. Reid and
               Ming Wu and
               Xinhao Yuan},
  title     = {Optimistic Concurrency Control by Melding Trees},
  journal   = {{PVLDB}},
  volume    = {4},
  number    = {11},
  pages     = {944--955},
  year      = {2011}
}
@inproceedings{corbett12osdi,
  author    = {James C. {Corbett~et~al.}},
  title     = {Spanner: Google's Globally-Distributed Database},
  booktitle = {{OSDI}},
  pages     = {261--264},
  year      = {2012}
}
@techreport{warp,
 author = {Robert Escriva and Bernard Wong and Emin G\"un Sirer},
 title = {Warp: Lightweight Multi-Key Transactions for Key-Value Stores},
 year = {2013},
 url = {\url{http://rescrv.net/pdf/warp-tech-report.pdf}},
 institution = {Cornell University},
 address = {Ithaca, NY, USA},
} 
@inproceedings{peng10osdi,
  author    = {Daniel Peng and
               Frank Dabek},
  title     = {Large-scale Incremental Processing Using Distributed Transactions
               and Notifications},
  booktitle = {{OSDI}},
  pages     = {251--264},
  year      = {2010}
}
@article{patterson12vldb,
  author    = {Stacy Patterson and
               Aaron J. Elmore and
               Faisal Nawab and
               Divyakant Agrawal and
               Amr {El Abbadi}},
  title     = {Serializability, not Serial: Concurrency Control and Availability
               in Multi-Datacenter Datastores},
  journal   = {{PVLDB}},
  volume    = {5},
  number    = {11},
  pages     = {1459--1470},
  year      = {2012}
}
@inproceedings{baker11cidr,
  author    = {Jason Baker and
               Chris Bond and
               James C. Corbett and
               J. J. Furman and
               Andrey Khorlin and
               James Larson and
               Jean{-}Michel Leon and
               Yawei Li and
               Alexander Lloyd and
               Vadim Yushprakh},
  title     = {Megastore: Providing Scalable, Highly Available Storage for Interactive
               Services},
  booktitle = {{CIDR}},
  pages     = {223--234},
  year      = {2011}
}

@article{Yu:1992:AHC:129792.129795,
 author = {Yu, Philip S. and Dias, Daniel M.},
 title = {Analysis of Hybrid Concurrency Control Schemes for a High Data Contention Environment},
 journal = {IEEE Trans. Softw. Eng.},
 issue_date = {February 1992},
 volume = {18},
 number = {2},
 month = Feb,
 year = {1992},
 pages = {118--129}
} 

@article{Qin:2003:HDO:874029.874039,
 author = {Qin, Biao and Liu, Yun Sheng},
 title = {A Hybrid Distributed Optimistic Concurrency Control Method for High-performance Real-time Transaction Processing},
 journal = {J. Comput. Sci. Technol.},
 issue_date = {January 2003},
 volume = {18},
 number = {1},
 month = Jan,
 year = {2003},
 pages = {77--83}
} 

@article{Thomasian:1998:DOC:627314.627904,
 author = {Thomasian, Alexander},
 title = {Distributed Optimistic Concurrency Control Methods for High-Performance Transaction Processing},
 journal = {IEEE Trans. on Knowl. and Data Eng.},
 issue_date = {January 1998},
 volume = {10},
 number = {1},
 month = jan,
 year = {1998},
 pages = {173--189},
 numpages = {17}
} 
@article{Lam:2000:TSD:355514.355521,
 author = {Lam, Kwok-Wa and Lee, Victor C.  S. and Hung, Sheung-Lun},
 title = {Transaction Scheduling in Distributed Real-Time Systems},
 journal = {Real-Time Syst.},
 issue_date = {Sept. 2000},
 volume = {19},
 number = {2},
 month = sep,
 year = {2000},
 pages = {169--193}
} 
@article{faleiro2014rethinking,
  author    = {Jose M. Faleiro and
               Daniel J. Abadi},
  title     = {Rethinking serializable multiversion concurrency control},
  journal   = {{PVLDB}},
  volume    = {8},
  number    = {11},
  year      = {2015}
} 
@inproceedings{DBLP:conf/sosp/XieSLAK015,
  author    = {Chao Xie and
               Chunzhi Su and
               Cody Littley and
               Lorenzo Alvisi and
               Manos Kapritsos and
               Yang Wang},
  title     = {High-performance {ACID} via modular concurrency control},
  booktitle = {{SOSP}},
  pages     = {279--294},
  year      = {2015}
}
@inproceedings{htps97,
  author    = {Arthur Whitney and Dennis Shasha and Stevan Apter},
  title     = {High Volume transaction processing without concurrency control, two phase commit, {SQL} or {C++}},
  booktitle = {{HTPS}},
  year      = {1997}
}
