@inproceedings{tu2013speedy,
  title={Speedy transactions in multicore in-memory databases},
  author={Tu, Stephen and Zheng, Wenting and Kohler, Eddie and Liskov, Barbara and Madden, Samuel},
  booktitle={Proceedings of the Twenty-Fourth ACM Symposium on Operating Systems Principles},
  pages={18--32},
  year={2013},
  organization={ACM}
}

@inproceedings{thomson2012calvin,
  title={Calvin: fast distributed transactions for partitioned database systems},
  author={Thomson, Alexander and Diamond, Thaddeus and Weng, Shu-Chun and Ren, Kun and Shao, Philip and Abadi, Daniel J},
  booktitle={Proceedings of the 2012 ACM SIGMOD International Conference on Management of Data},
  pages={1--12},
  year={2012},
  organization={ACM}
}

@inproceedings{ding2015centiman,
  title={Centiman: elastic, high performance optimistic concurrency control by watermarking},
  author={Ding, Bailu and Kot, Lucja and Demers, Alan and Gehrke, Johannes},
  booktitle={Proceedings of the Sixth ACM Symposium on Cloud Computing},
  pages={262--275},
  year={2015},
  organization={ACM}
}

@inproceedings{faleiro2014lazy,
  title={Lazy evaluation of transactions in database systems},
  author={Faleiro, Jose M and Thomson, Alexander and Abadi, Daniel J},
  booktitle={Proceedings of the 2014 ACM SIGMOD international conference on Management of data},
  pages={15--26},
  year={2014},
  organization={ACM}
}

@book{karp1972reducibility,
  title={Reducibility among combinatorial problems},
  author={Karp, Richard M},
  year={1972},
  publisher={Springer}
}