@inproceedings{qadah2018quecc,
	title={QueCC: A Queue-oriented, Control-free Concurrency Architecture},
	author={Qadah, Thamir M and Sadoghi, Mohammad},
	booktitle={ACM/IFIP International Middleware Conference},
	year={2018}
}

@inproceedings{yu2016tictoc,
	title={Tictoc: Time traveling optimistic concurrency control},
	author={Yu, Xiangyao and Pavlo, Andrew and Sanchez, Daniel and Devadas, Srinivas},
	booktitle={{SIGMOD}},
	pages={1629--1642},
	year={2016},
	organization={ACM}
}

@inproceedings{kim2016ermia,
	title={Ermia: Fast memory-optimized database system for heterogeneous workloads},
	author={Kim, Kangnyeon and Wang, Tianzheng and Johnson, Ryan and Pandis, Ippokratis},
	booktitle={{SIGMOD}},
	pages={1675--1687},
	year={2016},
	organization={ACM}
}

@article{appuswamy17vldb,
	author = {Appuswamy, Raja and Anadiotis, Angelos C. and Porobic, Danica and Iman, Mustafa K. and Ailamaki, Anastasia},
	title = {Analyzing the Impact of System Architecture on the Scalability of OLTP Engines for High-contention Workloads},
	journal = {{PVLDB}},
	issue_date = {October 2017},
	volume = {11},
	number = {2},
	year = {2017},
	issn = {2150-8097},
	pages = {121--134},
	numpages = {14},
	url = {https://doi.org/10.14778/3149193.3149194},
	doi = {10.14778/3149193.3149194},
	acmid = {3167893},
	publisher = {VLDB Endowment},
} 

@inproceedings{lim2017cicada,
	title={Cicada: Dependably fast multi-core in-memory transactions},
	author={Lim, Hyeontaek and Kaminsky, Michael and Andersen, David G},
	booktitle={{SIGMOD}},
	pages={21--35},
	year={2017},
	organization={ACM}
}

@article{larson2011high,
	title={High-performance concurrency control mechanisms for main-memory databases},
	author={Larson, Per-{\AA}ke and others},
	journal   = {{PVLDB}},
	volume    = {5},
	number    = {4},
	pages     = {298--309},
	year      = {2011},
}

@article{ding2016tr,
  title={Improving OCC Performance Through Transaction Batching},
  author={Ding, Bailu and Kot, Lucja and Gehrke, Johannes and Balazinska, Magdalena},
  journal={Technical Report},
  year={2016},
}

@inproceedings{alomari2008icde,
  title={The cost of serializability on platforms that use snapshot isolation},
  author={Alomari, Mohammad and others},
  booktitle={ICDE},
  year={2008},
}

@article{fekete2005making,
  title={Making snapshot isolation serializable},
  author={Fekete, Alan and Liarokapis, Dimitrios and others},
  journal={TODS},
  volume={30},
  number={2},
  year={2005},
}

@inproceedings{jorwekar2007automating,
  title={Automating the detection of snapshot isolation anomalies},
  author={Jorwekar, Sudhir and Fekete, Alan and others},
	booktitle = {PVLDB},
	pages     = {1263--1274},
	year      = {2007},
}

@inproceedings{roy2015homeostasis,
  title={The homeostasis protocol: Avoiding transaction coordination through program analysis},
  author={Roy, Sudip and Kot, Lucja and Bender, Gabriel and Ding, Bailu and others},
  booktitle={SIGMOD},
  pages={1311--1326},
  year={2015} 
}

@inproceedings{li2012making,
  title={Making Geo-Replicated Systems Fast as Possible, Consistent when Necessary.},
  author={Li, Cheng and Porto, Daniel and others},
  booktitle={OSDI},
  year={2012}
}

@article{petersen1997flexible,
 author = {Petersen, Karin and Spreitzer, Mike J. and others},
 title = {Flexible Update Propagation for Weakly Consistent Replication},
 journal = {SIGOPS Oper. Syst. Rev.},
 issue_date = {Dec. 1997},
 volume = {31},
 number = {5},
 month = oct,
 year = {1997},
} 

@inproceedings{mu2014extracting,
  title={Extracting more concurrency from distributed transactions},
  author={Mu, Shuai and Cui, Yang and others},
  booktitle={OSDI},
  year={2014}
}

@inproceedings{thomson2012calvin,
  title={Calvin: fast distributed transactions for partitioned database systems},
  author={Thomson, Alexander and Diamond, Thaddeus and others},
  booktitle={SIGMOD},
  year={2012}
}

@article{haritsa1993value,
  title={Value-based scheduling in real-time database systems},
  author={Haritsa, Jayant and others},
  journal   = {{VLDB} J.},
  volume    = {2},
  number    = {2},
  pages     = {117--152},
  year      = {1993},
}

@inproceedings{huang1991experimental,
  title={Experimental evaluation of real-time optimistic concurrency control schemes},
  author={Huang, Jiandong and Stankovic, John A and others},
	booktitle = {VLDB},
	pages     = {35--46},
	year      = {1991},
}

@inproceedings{lee1993using,
  title={Using dynamic adjustment of serialization order for real-time database systems},
  author={Lee, Juhnyoung and others},
  booktitle={RTSS},
  year={1993}
}

@inproceedings{lin1990concurrency,
  title={Concurrency control in real-time databases by dynamic adjustment of serialization order},
  author={Lin, Yi and Son, Sang H},
  booktitle={RTSS},
  year={1990}
}

@article{abbott1992scheduling,
  title={Scheduling real-time transactions: A performance evaluation},
  author={Abbott, Robert and others},
  journal={TODS},
  volume={17},
  number={3},
  year={1992},
}

@inproceedings{lam1995real,
  title={Real-time optimistic concurrency control protocol with dynamic adjustment of serialization order},
  author={Lam, Kwok-Wa and Lam, Kam-Yiu and others},
  booktitle={RTSS},
  year={1995}
}

@inproceedings{haritsa1990dynamic,
  title={Dynamic real-time optimistic concurrency control},
  author={Haritsa, Jayant and Carey, Michael and others},
  booktitle={RTSS},
  year={1990},
}

@article{boksenbaum1987concurrent,
  title={Concurrent certifications by intervals of timestamps in distributed database systems},
  author={Boksenbaum, Claude and Cart, Mich{\`e}le and others},
  journal={TSE},
  volume={SE-13}, 
  number={4},
  year={1987}
}

@inproceedings{bayer1982dynamic,
  title={Dynamic Timestamp Allocation for Transactions in Database Systems.},
  author={Bayer, Rudolf and others},
  booktitle={DDB},
  year={1982}
}

@inproceedings{xie2014salt,
  title={Salt: Combining {ACID} and {BASE} in a distributed database},
  author={Xie, Chao and Su, Chunzhi and others},
  booktitle={OSDI},
  volume={14},
  year={2014}
}

@inproceedings{xie2015high,
  title={High-performance {ACID} via modular concurrency control},
  author={Xie, Chao and Su, Chunzhi and others},
  booktitle={SOSP},
  year={2015}
}

@article{shasha1995transaction,
  title={Transaction chopping: Algorithms and performance studies},
  author={Shasha, Dennis and others},
  journal={TODS},
  volume={20},
  number={3},
  year={1995},
}

@inproceedings{helal1993adaptive,
  title={Adaptive transaction scheduling},
  author={Helal, Abdelsalam and others},
  booktitle={CIKM},
  year={1993}
}

@article{yu1992analysis,
  title={Analysis of hybrid concurrency control schemes for a high data contention environment},
  author={Yu, Philip and Dias, Daniel},
  journal={TSE},
  volume={18},
  number={2},
  year={1992},
}

@article{thomasian1998distributed,
  title={Distributed optimistic concurrency control methods for high-performance transaction processing},
  author={Thomasian, Alexander},
  journal={TKDE},
  volume={10},
  number={1},
  year={1998}
}

@article{franaszek1985limitations,
  title={Limitations of concurrency in transaction processing},
  author={Franaszek, Peter and Robinson, John},
  journal={TODS},
  year={1985},
}

@article{agrawal1987concurrency,
  title={Concurrency control performance modeling: alternatives and implications},
  author={Agrawal, Rakesh and others},
  journal={TODS},
  year={1987},
}

@article{nagle1984congestion,
 author = {Nagle, John},
 title = {Congestion Control in {IP/TCP} Internetworks},
 journal = {SIGCOMM Comput. Commun. Rev.},
 issue_date = {October 1984},
 volume = {14},
 number = {4},
 month = oct,
 year = {1984},
} 


@INPROCEEDINGS{friedman2006adaptive, 
author={Friedman, R. and Hadad, E.}, 
booktitle={SRDS}, 
title={Adaptive Batching for Replicated Servers}, 
year={2006}, 
month={Oct},
}

@incollection{santos2012tuning,
  title={Tuning paxos for high-throughput with batching and pipelining},
  author={Santos, Nuno and Schiper, Andr{\'e}},
  booktitle={Distributed Computing and Networking},
  year={2012},
}

@article{debrabant2013anti,
  title={Anti-caching: A new approach to database management system architecture},
  author={DeBrabant, Justin and Pavlo, Andrew and others},
  journal   = {{PVLDB}},
  volume    = {6},
  number    = {14},
  pages     = {1942--1953},
  year      = {2013},
}


@article{hagmann1987reimplementing,
 author = {Hagmann, R.},
 title = {Reimplementing the Cedar File System Using Logging and Group Commit},
 journal = {SIGOPS Oper. Syst. Rev.},
 issue_date = {Nov. 1987},
 volume = {21},
 number = {5},
 month = nov,
 year = {1987},
} 


@inproceedings{friedman1997packing,
  title={Packing messages as a tool for boosting the performance of total ordering protocols},
  author={Friedman, Roy and Van Renesse, Robbert},
  booktitle={HPDC},
  year={1997},
}

@inproceedings{glendenning2011scalable,
  title={Scalable consistency in {Scatter}},
  author={Glendenning, Lisa and Beschastnikh, Ivan and others},
  booktitle={SOSP},
  year={2011},
}

@article{castro2002practical,
  title={Practical Byzantine fault tolerance and proactive recovery},
  author={Castro, Miguel and Liskov, Barbara},
  journal={TODS},
  volume={20},
  number={4},
  year={2002},
}

@inproceedings{pavlo2012skew,
  title={Skew-aware automatic database partitioning in shared-nothing, parallel OLTP systems},
  author={Pavlo, Andrew and Curino, Carlo and Zdonik, Stanley},
  booktitle={SIGMOD},
  year={2012}
}

@techreport{karypis1995metis,
  title={Metis-unstructured graph partitioning and sparse matrix ordering system, version 2.0},
  author={Karypis, George and Kumar, Vipin},
      institution = {University of Minnesota},
  year={1995}
}

@inproceedings{ding2001min,
  title={A min-max cut algorithm for graph partitioning and data clustering},
  author={Ding, Chris HQ and He, Xiaofeng and others},
  booktitle={ICDM},
  year={2001},
}

@article{karypis1998fast,
  title={A fast and high quality multilevel scheme for partitioning irregular graphs},
  author={Karypis, George and Kumar, Vipin},
  journal={SIAM Journal on scientific Computing},
  volume={20},
  number={1},
  year={1998},
}

@article{kernighan1970efficient,
  title={An efficient heuristic procedure for partitioning graphs},
  author={Kernighan, Brian W and Lin, Shen},
  journal={Bell system technical journal},
  volume={49},
  number={2},
  year={1970},
}

@article{tsangaris1991stochastic,
 author = {Tsangaris, Manolis M. and Naughton, Jeffrey F.},
 title = {A Stochastic Approach for Clustering in Object Bases},
 journal = {SIGMOD Rec.},
 issue_date = {June 1991},
 volume = {20},
 number = {2},
 month = apr,
 year = {1991},
} 

@inproceedings{elmore2015squall,
  title={Squall: Fine-Grained Live Reconfiguration for Partitioned Main Memory Databases},
  author={Elmore, Aaron and Arora, Vaibhav and others},
  booktitle={SIGMOD},
  year={2015}
}


@inproceedings{bernstein2015optimizing,
  title={Optimizing Optimistic Concurrency Control for Tree-Structured, Log-Structured Databases},
  author={Bernstein, Philip A and Das, Sudipto and Ding, Bailu and others},
  booktitle={SIGMOD},
  year={2015},
}

@inproceedings{gray1994quickly,
  title={Quickly generating billion-record synthetic databases},
  author={Gray, Jim and others},
  booktitle={SIGMOD Rec.},
  year={1994},
}

@article{tarjan1972depth,
  title={Depth-first search and linear graph algorithms},
  author={Tarjan, Robert},
  journal={SIAM journal on computing},
  volume={1},
  number={2},
  year={1972},
}

@incollection{festa1999feedback,
  title={Feedback set problems},
  author={Festa, Paola and others},
  booktitle={Handbook of combinatorial optimization},
  year={1999},
}

@incollection{cutello2015targeting,
  title={Targeting the Minimum Vertex Set Problem with an Enhanced Genetic Algorithm Improved with Local Search Strategies},
  author={Cutello, Vincenzo and others},
  booktitle={Intelligent Computing Theories and Methodologies},
  year={2015},
}

@article{even1998approximating,
  title={Approximating minimum feedback sets and multicuts in directed graphs},
  author={Even, Guy and others},
  journal={Algorithmica},
  year={1998},
}

@inproceedings{guruswami2008beating,
  title={Beating the random ordering is hard: Inapproximability of maximum acyclic subgraph},
  author={Guruswami, Venkatesan and Manokaran, Rajsekar and Raghavendra, Prasad},
  booktitle={FOCS},
  year={2008},
}

@article{dinur2005hardness,
  title={On the hardness of approximating minimum vertex cover},
  author={Dinur, Irit and Safra, Samuel},
  journal={Annals of mathematics},
  year={2005},
}

@phdthesis{kann1992approximability,
  title={On the approximability of NP-complete optimization problems},
  author={Kann, Viggo},
  year={1992},
}

@article{chen2008fixed,
  title={A fixed-parameter algorithm for the directed feedback vertex set problem},
  author={Chen, Jianer and Liu, Yang and others},
  journal={JACM},
  volume={55},
  number={5},
  year={2008},
}

@inproceedings{tu2013speedy,
  title={Speedy transactions in multicore in-memory databases},
  author={Tu, Stephen and Zheng, Wenting and others},
  booktitle={SOSP},
  year={2013},
}


@inproceedings{ding2015centiman,
  title={Centiman: elastic, high performance optimistic concurrency control by watermarking},
  author={Ding, Bailu and Kot, Lucja and Demers, Alan and Gehrke, Johannes},
  booktitle={SOCC},
  year={2015}
}

@inproceedings{faleiro2014lazy,
  title={Lazy evaluation of transactions in database systems},
  author={Faleiro, Jose M and Thomson, Alexander and others},
  booktitle={{SIGMOD}},
  year={2014}
}

@inproceedings{karp1972reducibility,
  title={Reducibility among combinatorial problems},
  author={Karp, Richard M},
	booktitle = {Proceedings of a symposium on the Complexity of Computer Computations,
	held March 20-22, 1972, at the {IBM} Thomas J. Watson Research Center,
	Yorktown Heights, New York, {USA}},
	pages     = {85--103},
	year      = {1972},
}

@article{kung81tods,
  author    = {H. T. Kung and
               John T. Robinson},
  title     = {On Optimistic Methods for Concurrency Control},
  journal   = {{ACM} Trans. Database Syst.},
  volume    = {6},
  number    = {2},
  year      = {1981}
}
@inproceedings{bernstein11cidr,
  author    = {Philip A. Bernstein and
              others},
  title     = {Hyder - {A} Transactional Record Manager for Shared Flash},
  booktitle = {{CIDR}},
  year      = {2011}
}

@inproceedings{adya97podc,
  author    = {Atul Adya and
               Barbara Liskov},
  title     = {Lazy Consistency Using Loosely Synchronized Clocks},
  booktitle = {{PODC}},
  year      = {1997}
}
@article{bernstein11vldb,
  author    = {Philip A. Bernstein and
               Colin W. Reid and others},
  title     = {Optimistic Concurrency Control by Melding Trees},
  journal   = {{PVLDB}},
  year      = {2011},
  volume={4},
  number={11},
  pages     = {944--955},
}

@inproceedings{corbett12osdi,
  author    = {James C. {Corbett~et~al.}},
  title     = {Spanner: Google's Globally-Distributed Database},
  booktitle = {{OSDI}},
  year      = {2012}
}
@techreport{warp,
 author = {Robert Escriva and Bernard Wong and Emin G\"un Sirer},
 title = {Warp: Lightweight Multi-Key Transactions for Key-Value Stores},
 year = {2013},
} 
@inproceedings{peng10osdi,
  author    = {Daniel Peng and
               Frank Dabek},
  title     = {Large-scale Incremental Processing Using Distributed Transactions
               and Notifications},
  booktitle = {{OSDI}},
  year      = {2010}
}
@article{hoare61cacm,
	author = {Hoare, C. A. R.},
	title = {Algorithm 65: Find},
	journal = {Commun. ACM},
	issue_date = {July 1961},
	volume = {4},
	number = {7},
	month = jul,
	year = {1961},
	issn = {0001-0782},
	pages = {321--322},
	numpages = {2},
	url = {http://doi.acm.org/10.1145/366622.366647},
	doi = {10.1145/366622.366647},
	acmid = {366647},
	publisher = {ACM},
	address = {New York, NY, USA},
} 

@article{patterson12vldb,
  author    = {Stacy Patterson and
               Aaron J. Elmore and
               others},
  title     = {Serializability, not Serial: Concurrency Control and Availability
               in Multi-Datacenter Datastores},
    journal   = {{PVLDB}},
  volume    = {5},
  number    = {11},
  pages     = {1459--1470},
  year      = {2012},
}
@inproceedings{baker11cidr,
  author    = {Jason Baker and
               Chris Bond and
               others},
  title     = {Megastore: Providing Scalable, Highly Available Storage for Interactive
               Services},
  booktitle = {{CIDR}},
  year      = {2011}
}

@article{Yu:1992:AHC:129792.129795,
 author = {Yu, Philip S. and Dias, Daniel M.},
 title = {Analysis of Hybrid Concurrency Control Schemes for a High Data Contention Environment},
 journal = {TSE},
 issue_date = {February 1992},
 volume = {18},
 number = {2},
 month = Feb,
 year = {1992},
} 

@article{Qin:2003:HDO:874029.874039,
 author = {Qin, Biao and Liu, Yun Sheng},
 title = {A Hybrid Distributed Optimistic Concurrency Control Method for High-performance Real-time Transaction Processing},
 journal = {J. Comput. Sci. Technol.},
 issue_date = {January 2003},
 volume = {18},
 number = {1},
 month = Jan,
 year = {2003},
} 

@article{Thomasian:1998:DOC:627314.627904,
 author = {Thomasian, Alexander},
 title = {Distributed Optimistic Concurrency Control Methods for High-Performance Transaction Processing},
 journal = {TKDE},
 issue_date = {January 1998},
 volume = {10},
 number = {1},
 month = jan,
 year = {1998},
} 
@article{Lam:2000:TSD:355514.355521,
 author = {Lam, Kwok-Wa and Lee, Victor C.  S. and Hung, Sheung-Lun},
 title = {Transaction Scheduling in Distributed Real-Time Systems},
 journal = {Real-Time Syst.},
 issue_date = {Sept. 2000},
 volume = {19},
 number = {2},
 month = sep,
 year = {2000},
} 

@article{faleiro2014rethinking,
  author    = {Jose M. Faleiro and
               Daniel J. Abadi},
  title     = {Rethinking serializable multiversion concurrency control},
  journal   = {{PVLDB}},
  year      = {2015},
  volume    = {8},
  number    = {11},
  pages     = {1190--1201},
} 
@inproceedings{DBLP:conf/sosp/XieSLAK015,
  author    = {Chao Xie and
               Chunzhi Su and
               others},
  title     = {High-performance {ACID} via modular concurrency control},
  booktitle = {{SOSP}},
  year      = {2015}
}
@inproceedings{htps97,
  author    = {Arthur Whitney and Dennis Shasha and Stevan Apter},
  title     = {High Volume transaction processing without concurrency control, two phase commit, {SQL} or {C++}},
  booktitle = {{HTPS}},
  year      = {1997}
}
@misc{silogit,
	howpublished = "\url{https://github.com/stephentu/silo}"
}

@article{wang2016mostly,
	title={Mostly-optimistic concurrency control for highly contended dynamic workloads on a thousand cores},
	author={Wang, Tianzheng and Kimura, Hideaki},
	journal   = {{PVLDB}},
	volume    = {10},
	number    = {2},
	pages     = {49--60},
	year      = {2016},
}

@inproceedings{wang2016scaling,
	title={Scaling multicore databases via constrained parallel execution},
	author={Wang, Zhaoguo and Mu, Shuai and Cui, Yang and Yi, Han and Chen, Haibo and Li, Jinyang},
	booktitle={{SIGMOD}},
	pages={1643--1658},
	year={2016},
	organization={ACM}
}